%%%%%%%%%%%%%%%%%%%%%%%%%%%%%%%%%%%%%%%%%%%%%%%%%%%%%%%%%%%%%%%%%%
%%%
%%%       BIBLIOGRAPHY
%%%
%%%%%%%%%%%%%%%%%%%%%%%%%%%%%%%%%%%%%%%%%%%%%%%%%%%%%%%%%%%%%%%%%%

@book{kernighan1988c,
	title      = {The C Programming Language},
 	author     = {Kernighan, B.W. and Ritchie, D.M.},
 	isbn       = {9780131103627},
	lccn       = {77028983},
	series     = {Prentice-Hall software series},
	year       = {1988},
	publisher  = {Prentice Hall}
}

@book{unicode700core,
	title      = {The Unicode Standard Version 7.0 – Core Specification},
	author     = {The Unicode Consortium},
	year       = {2014},
	month      = {10},
	%publisher  = {The Unicode Consortium},
	isbn       = {978-1-936213-09-2},
	url        = {http://www.unicode.org/}
}

@Online{latexwebsite,
	author     = {LaTeX Project Team},
	title      = {LaTeX – A document preparation system},
	url        = {https://www.latex-project.org/},
	urlday     = {30},
	urlmonth   = {12},
	urlyear    = {2018},
}

@Online{texlivewebsite,
	author     = {Tex User Groups},
	title      = {TeX Live Website},
	url        = {https://www.tug.org/texlive/},
	urlday     = {30},
	urlmonth   = {12},
	urlyear    = {2018},
}

@Online{texmakerwebsite,
	author     = {P. Brachet}, %Pascal
	title      = {Texmaker,	The universal LaTeX editor},
	url        = {http://www.xm1math.net/texmaker/},
	urlday     = {30},
	urlmonth   = {12},
	urlyear    = {2018}
}


@book{maini2007digital,
	author     = {A.K. Maini}, %Anik
	title      = {Digital Electronics: Principles, Devices and Applications},
	isbn       = {978-0-470-03214-5},
	year       = {2007},
	publisher  = {Wiley},
	pages      = {28}
}

@Online{asa1963ascii,
	author     = {American Standards Association},
	title      = {ASA standard X3.4-1963},
	url        = {http://worldpowersystems.com/J/codes/X3.4-1963/},
%	year       = {1988},
%	month      = {10},
	urlday     = {26},
	urlmonth   = {7},
	urlyear    = {2018},
	%language   = {english}
}

@Online{atmel0856,
	author     = {Atmel},
	title      = {Atmel AVR 8-bit Instruction Set},
	url        = {http://www.atmel.com/images/atmel-0856-avr-instruction-set-manual.pdf},
	year       = {2014},
	month      = {7},
	urlday     = {11},
	urlmonth   = {2},
	urlyear    = {2016},
	pages      = {58}
	%language   = {english}
}

@Online{charterfont,
	author     = {Bitstream Inc.},
	title      = {Charter Fonts},
	url        = {https://www.ctan.org/pkg/charter},
	urlday     = {30},
	urlmonth   = {12},
	urlyear    = {2018},
}

@Online{nimbusfont,
	author     = {Artifex},
	title      = {Nimbus 15 Mono},
	year       = {2015},
	month      = {10},
	url        = {https://www.ctan.org/tex-archive/fonts/nimbus15},
	urlday     = {30},
	urlmonth   = {12},
	urlyear    = {2018}
}

@Online{listingsctan,
	author     = {J. Hoffman},
	title      = {listings – Typeset source code listings using \LaTeX},
	url        = {https://www.ctan.org/pkg/listings},
	urlday     = {30},
	urlmonth   = {12},
	urlyear    = {2018},
}

@Online{tikzctan,
	author     = {T. Tan­tau},
	title      = {pgf – Create PostScript and PDF graphics in \TeX},
	url        = {https://www.ctan.org/pkg/pgf},
	year       = {2015},
	month      = {8},
	day        = {29},
	urlday     = {30},
	urlmonth   = {12},
	urlyear    = {2018}
}

@online{atmel2015instructionset, 
    author      = {Atmel},
    title       = {AVR Instruction Set Manual (Rev.0856L)},
	url         = {http://www.atmel.com/images/Atmel-0856-AVR-Instruction-Set-Manual.pdf},
	urlday      = {28},
	urlmonth    = {12},
	urlyear     = {2016},
	pages       = {147}
}


@online{hboengineering2016boks,
	title       = {Body of Knowledge and Skills Elektrotechniek},
	author      = {HBO Engineering},
	year        = {2016},
	month       = {11},
	day         = {11},
	urlyear     = {2018},
	urlmonth    = {3},
	urlday      = {1},
	url         = {http://www.hbo-engineering.nl/_asset/_public/competenties/BOKS_elektrotechniek_met_specialisaties_def_11nov2016.pdf}
}

@Online{eijkhout2010ascii,
	author     = {V. Ei­jkhout},
	title      = {An ASCII wall chart},
	url        = {https://ctan.org/pkg/ascii-chart},
	year       = {2010},
	month      = {11},
	day        = {22},
	urlday     = {3},
	urlmonth   = {9},
	urlyear    = {2021}
}

@Online{texstudiowebsite,
	author     = {van der Zander, Benito},
	title      = {TeXstudio, LaTeX made comfortable},
	url        = {https://www.texstudio.org/},
	urlday     = {4},
	urlmonth   = {5},
	urlyear    = {2019}
}

@Online{calibrifont,
	author     = {Lucas de Groot},
	title      = {Calibri font family},
	url        = {https://docs.microsoft.com/en-us/typography/font-list/calibri},
	urlday     = {4},
	urlmonth   = {5},
	urlyear    = {2019},
}

@Online{consolasfont,
	author     = {Lucas de Groot},
	title      = {Consolas font family},
	url        = {https://docs.microsoft.com/en-us/typography/font-list/consolas},
	urlday     = {4},
	urlmonth   = {5},
	urlyear    = {2019},
}

@Online{knuth1974,
    author     = {Knuth, D.E.},
    title      = {Structured Programming with go to Statements},
    year       = {1974},
    url        = {https://pic.plover.com/knuth-GOTO.pdf},
    urlday     = {12},
    urlmonth   = {12},
    urlyear    = {2020}
}

@Online{barr2014,
    author     = {Barr, M.},
    title      = {Apple's \#gotofail SSL Security Bug was Easily Preventable},
    year       = {2014},
    url        = {https://embeddedgurus.com/barr-code/2014/03/apples-gotofail-ssl-security-bug-was-easily-preventable/},
    urlday     = {25},
    urlmonth   = {4},
    urlyear    = {2020}
}

@online{vs2022,
    author     = {Microsoft},
    title      = {Visual Studio},
    year       = {2022},
    url        = {https://visualstudio.microsoft.com/},
    urlday     = {21},
    urlmonth   = {7},
    urlyear    = {2022}
}

@online{codeblocks2020,
    author     = {The Code::Blocks Team},
    title      = {Code::Blocks},
    year       = {2020},
    url        = {http://www.codeblocks.org/},
    urlday     = {5},
    urlmonth   = {6},
    urlyear    = {2020}
}

@online{xcode2020,
    author     = {Apple},
    title      = {Xcode},
    year       = {2020},
    url        = {https://developer.apple.com/xcode/},
    urlday     = {5},
    urlmonth   = {6},
    urlyear    = {2020}
}

@book{1989programming,
    title      = {Programming Language C: American National Standard for Information Systems : ANSI X3.159-1989},
    year       = {1989},
    publisher  = {A.N.S.I.}
}

@online{arduinouno,
    author     = {Arduino},
    title      = {The Arduino Uno processor board},
    url        = {https://www.arduino.cc/},
    urlday     = {22},
    urlmonth   = {8},
    urlyear    = {2020}
}

@Online{cdeclwebsite,
	author     = {Ridiculous Fish},
	title      = {cdecl C gibberish $\leftrightarrow$ English},
	url        = {https://cdecl.org/},
	urlday     = {23},
	urlmonth   = {8},
	urlyear    = {2020},
}

@Book{opdenbrouw2020,
    author     = {Jesse op den Brouw},
    title      = {Digitale techniek},
    year       = {2020},
    publisher  = {Delft Academic Press},
    isbn       = {978-90-6562-4468},
    edition    = {1}
}

@Online{gnugcc,
	author     = {Free Software Foundation},
	title      = {GNU Compiler Colletion},
	url        = {https://gcc.gnu.org/},
	urlday     = {20},
	urlmonth   = {1},
	urlyear    = {2021},
}

@online{duffsdevice,
    author     = {Tom Duff},
    title      = {The amazing Duff’s Device by Tom Duff!},
    url        = {https://www.lysator.liu.se/c/duffs-device.html},
    year       = {1983},
    urlday     = {20},
    urlmonth   = {1},
    urlyear    = {2021}
}

@Online{gnugcc2,
	author     = {Free Software Foundation},
	title      = {Options That Control Optimization},
	url        = {https://gcc.gnu.org/onlinedocs/gcc/Optimize-Options.html},
	urlday     = {21},
	urlmonth   = {1},
	urlyear    = {2021}
}

@online{rust,
    author     = {The Rust Foundation},
    title      = {
    Rust, A language empowering everyone to build reliable and efficient software},
    url        = {https://www.rust-lang.org/},
	urlday     = {22},
	urlmonth   = {6},
	urlyear    = {2021}
}

@online{arduino,
    author     = {Arduino Inc.},
    title      = {Arduino programming software},
    url        = {https://www.arduino.cc/en/guide/windows},
	urlday     = {22},
	urlmonth   = {6},
	urlyear    = {2021}
}

@online{atmega328p,
    author     = {Microchip},
    title      = {ATmega328 Datasheet},
    url        = {http://ww1.microchip.com/downloads/en/DeviceDoc/ATmega48A-PA-88A-PA-168A-PA-328-P-DS-DS40002061A.pdf},
	urlday     = {12},
	urlmonth   = {9},
	urlyear    = {2021}
}

@online{stk500,
    author     = {Microchip},
    title      = {STK500 development board},
    url        = {http://ww1.microchip.com/downloads/en/DeviceDoc/doc1925.pdf},    
	urlday     = {12},
	urlmonth   = {9},
	urlyear    = {2021}
}
